@article{stanford_notes,
  author = {Chris Weinberger and Wei Cai},
  title = {Lecture Note 2. Eshelby’s Inclusion I},
  journal = {ME340B – Elasticity of Microscopic Structures – Stanford University, Winter 2004},
  url = {http://micro.stanford.edu/~caiwei/me340b/content/me340b-lecture02-v03.pdf},
  pages = {2:5},
  year = {2004}
}

@article{jaswon_bhargava_1961, 
    title={Two-dimensional elastic inclusion problems}, 
    volume={57}, 
    DOI={10.1017/S0305004100035702}, 
    number={3}, 
    journal={Mathematical Proceedings of the Cambridge Philosophical Society}, 
    publisher={Cambridge University Press}, 
    author={Jaswon, M. A. and Bhargava, R. D.}, 
    year={1961}, 
    pages={669–680}
}

@book{Guru_thesis,
author = {Gururajan, M.},
year = {2006},
month = {01},
pages = {},
title = {Elastic Inhomogeneity Effects on Microstructures : A Phase Field Study (PhD thesis)}
}


@article{Runnels_2021,
	doi = {10.1016/j.jcp.2020.110065},
	url = {https://doi.org/10.1016%2Fj.jcp.2020.110065},
	year = 2021,
	month = {feb},
	publisher = {Elsevier {BV}},
	volume = {427},
	pages = {1:7},
	author = {Brandon Runnels and Vinamra Agrawal and Weiqun Zhang and Ann Almgren},
	title = {Massively parallel finite difference elasticity using block-structured adaptive mesh refinement with a geometric multigrid solver},
	journal = {Journal of Computational Physics}
}

@book{mura1987micromechanics,
  title={Micromechanics of Defects in Solids},
  author={Mura, T.},
  isbn={9789024732562},
  lccn={85029652},
  series={Mechanics of Elastic and Inelastic Solids},
  url={https://books.google.co.in/books?id=zpweAQAAIAAJ},
  year={1987},
  publisher={Springer Netherlands}
}
